@book{10.5555/1855096,
author = {Love, Robert},
title = {Linux Kernel Development},
year = {2010},
isbn = {0672329468},
publisher = {Addison-Wesley Professional},
edition = {3rd}
}
@inproceedings {202324,
author = {Bharath Kumar Reddy Vangoor and Vasily Tarasov and Erez Zadok},
title = {To {FUSE} or Not to {FUSE}: Performance of User-Space File Systems},
booktitle = {15th {USENIX} Conference on File and Storage Technologies ({FAST} 17)},
year = {2017},
isbn = {978-1-931971-36-2},
address = {Santa Clara, CA},
pages = {59--72},
url = {https://www.usenix.org/conference/fast17/technical-sessions/presentation/vangoor},
publisher = {{USENIX} Association},
month = feb,
}
@manual{Qemu,
title  = {QEMU},
url    = "https://www.qemu.org/",
year   = "2020 (accessed July 7, 2020)"
}
@manual{bpftrace,
title  = {iovisor/bpftrace},
url    = "https://github.com/iovisor/bpftrace",
year   = "2020 (accessed July 7, 2020)"
}
@manual{libfuse,
title  = {libfuse/libfuse},
url    = "https://github.com/libfuse/libfuse",
year   = "2020 (accessed July 7, 2020)"
}
